@MISC{Toscher09thebigchaos,
    author = {Andreas TÃ¶scher and Michael Jahrer and Robert M. Bell},
    title = {The BigChaos Solution to the Netflix Grand Prize},
    year = {2009}
}
@MISC{Piotte09thepragmatic,
    author = {Martin Piotte and Martin Chabbert},
    title = {The Pragmatic Theory Solution to the Netflix Grand Prize, in: Netflix prize documentation},
    year = {2009}
}
@MISC{Bell_thebellkor,
    author = {Robert M. Bell and Yehuda Koren and Chris Volinsky},
    title = {The BellKor solution to the Netflix Prize},
    year = {2008}
}
@inproceedings{LuHG13,
  author    = {Yao Lu and
               Sandy El Helou and
               Denis Gillet},
  title     = {A recommender system for job seeking and recruiting website},
  booktitle = {WWW (Companion Volume)},
  year      = {2013},
  pages     = {963-966},
}
