@article{IMC,
  author    = {Prateek Jain and
               Inderjit S. Dhillon},
  title     = {Provable Inductive Matrix Completion},
  journal   = {CoRR},
  volume    = {abs/1306.0626},
  year      = {2013},
  ee        = {http://arxiv.org/abs/1306.0626},
  bibsource = {DBLP, http://dblp.uni-trier.de}
}



