@article{natarajan2014inductive,
  title={Inductive matrix completion for predicting gene--disease associations},
  author={Natarajan, Nagarajan and Dhillon, Inderjit S},
  journal={Bioinformatics},
  volume={30},
  number={12},
  pages={i60--i68},
  year={2014},
  publisher={Oxford Univ Press}
}
@article{jain2013provable,
  title={Provable Inductive Matrix Completion},
  author={Jain, Prateek and Dhillon, Inderjit S},
  journal={arXiv preprint arXiv:1306.0626},
  year={2013}
}
@inproceedings{jain2013low,
  title={Low-rank matrix completion using alternating minimization},
  author={Jain, Prateek and Netrapalli, Praneeth and Sanghavi, Sujay},
  booktitle={Proceedings of the forty-fifth annual ACM symposium on Theory of computing},
  pages={665--674},
  year={2013},
  organization={ACM}
}
@inproceedings{teflioudi2012distributed,
  title={Distributed Matrix Completion.},
  author={Teflioudi, Christina and Makari, Faraz and Gemulla, Rainer},
  booktitle={ICDM},
  pages={655--664},
  year={2012}
}
@article{recht2011simpler,
  title={A simpler approach to matrix completion},
  author={Recht, Benjamin},
  journal={The Journal of Machine Learning Research},
  volume={12},
  pages={3413--3430},
  year={2011},
  publisher={JMLR. org}
}
@phdthesis{oh2010matrix,
  title={Matrix completion: Fundamental limits and efficient algorithms},
  author={Oh, Sewoong},
  year={2010},
  school={Stanford University}
}
@article{candes2009exact,
  title={Exact matrix completion via convex optimization},
  author={Cand{\`e}s, Emmanuel J and Recht, Benjamin},
  journal={Foundations of Computational mathematics},
  volume={9},
  number={6},
  pages={717--772},
  year={2009},
  publisher={Springer}
}

